
@article{eslami_pubkey_dist,
  author    = {Ziba Eslami, Mahnaz Noroozi and Kobra Amirizirtol},
  title     = {Public key encryption with distributed keyword search},
  journal   = {Journal of Discrete Mathematical Sciences and Cryptography},
  volume    = {25},
  number    = {8},
  pages     = {2369-2393},
  year      = {2022},
  publisher = {Taylor & Francis},
  doi       = {10.1080/09720529.2020.1859797},
  url       = { https://doi.org/10.1080/09720529.2020.1859797 },
  eprint    = { https://doi.org/10.1080/09720529.2020.1859797 }
}

@article{babber_quantum_cryptography,
  author    = {Karuna Babber and J. P. Singh},
  title     = {Quantum cryptography and security analysis},
  journal   = {Journal of Discrete Mathematical Sciences and Cryptography},
  volume    = {25},
  number    = {8},
  pages     = {2205-2216},
  year      = {2022},
  publisher = {Taylor & Francis},
  doi       = {10.1080/09720529.2019.1692452},
  url       = { https://doi.org/10.1080/09720529.2019.1692452 },
  eprint    = { https://doi.org/10.1080/09720529.2019.1692452 }
}

@article{vuln_imp_smt,
  title   = {Vulnerability impact analysis in software project dependencies based on Satisfiability Modulo Theories (SMT)},
  journal = {Computers & Security},
  volume  = {139},
  pages   = {103669},
  year    = {2024},
  issn    = {0167-4048},
  doi     = {https://doi.org/10.1016/j.cose.2023.103669},
  url     = {https://www.sciencedirect.com/science/article/pii/S0167404823005795},
  author  = {A. {Germán Márquez} and Ángel Jesús Varela-Vaca and María Teresa {Gómez López} and José A. Galindo and David Benavides}
}
@article{phishing_training,
  title   = {Exploring the evidence for email phishing training: A scoping review},
  journal = {Computers & Security},
  volume  = {139},
  pages   = {103695},
  year    = {2024},
  issn    = {0167-4048},
  doi     = {https://doi.org/10.1016/j.cose.2023.103695},
  url     = {https://www.sciencedirect.com/science/article/pii/S0167404823006053},
  author  = {Nina Marshall and Daniel Sturman and Jaime C. Auton}
}

@article{not_there_yet,
  title   = {“I don't think we're there yet”: The practices and challenges of organisational learning from cyber security incidents},
  journal = {Computers & Security},
  volume  = {139},
  pages   = {103699},
  year    = {2024},
  issn    = {0167-4048},
  doi     = {https://doi.org/10.1016/j.cose.2023.103699},
  url     = {https://www.sciencedirect.com/science/article/pii/S0167404823006090},
  author  = {Clare M. Patterson and Jason R.C. Nurse and Virginia N.L. Franqueira}
}

@article{slr_security_risks,
  author   = {Khan, Rafiq Ahmad and Khan, Siffat Ullah and Khan, Habib Ullah and Ilyas, Muhammad},
  journal  = {IEEE Access},
  title    = {Systematic Literature Review on Security Risks and its Practices in Secure Software Development},
  year     = {2022},
  volume   = {10},
  number   = {},
  pages    = {5456-5481},
  keywords = {Software;Security;Codes;Software engineering;Testing;Systematics;Companies;Software security;SDLC;security risks and practices;secure software development;secure software engineering;systematic literature review},
  doi      = {10.1109/ACCESS.2022.3140181}

}

@article{intro_zkp, 
  title={A survey on Zero knowledge range proofs and applications}, 
  volume={1}, 
  DOI={10.1007/s42452-019-0989-z}, 
  number={8}, 
  journal={SN Applied Sciences}, 
  author={Morais, Eduardo and Koens, Tommy and van Wijk, Cees and Koren, Aleksei}, 
  year={2019}, 
  month={Jul}
} 

@ARTICLE{data_obfuscation,
  author={Bakken, D.E. and Rarameswaran, R. and Blough, D.M. and Franz, A.A. and Palmer, T.J.},
  journal={IEEE Security & Privacy}, 
  title={Data obfuscation: anonymity and desensitization of usable data sets}, 
  year={2004},
  volume={2},
  number={6},
  pages={34-41},
  keywords={Databases;Data privacy;Cryptography;Data mining;Protection;Data security;Law;Legal factors;Control systems;Degradation;data privacy;data sharing;data obfuscation},
  doi={10.1109/MSP.2004.97}
}

@INPROCEEDINGS{disclosure_prob,
  author={Brassard, Gilles and Crepeau, Claude and Robert, Jean-Marc},
  booktitle={27th Annual Symposium on Foundations of Computer Science (sfcs 1986)}, 
  title={Information theoretic reductions among disclosure problems}, 
  year={1986},
  volume={},
  number={},
  pages={168-173},
  keywords={Cryptography;Cryptographic protocols;Computer science;Stress;Terrorism},
  doi={10.1109/SFCS.1986.26}
}

@article{non_interactive_zkp,
  author = {Blum, Manuel and De Santis, Alfredo and Micali, Silvio and Persiano, Giuseppe},
  title = {Noninteractive Zero-Knowledge},
  journal = {SIAM Journal on Computing},
  volume = {20},
  number = {6},
  pages = {1084-1118},
  year = {1991},
  doi = {10.1137/0220068},
  URL = {https://doi.org/10.1137/0220068=},
  eprint = {https://doi.org/10.1137/0220068}
}

@ARTICLE{zkp_application_blockchain,
  author={Sun, Xiaoqiang and Yu, F. Richard and Zhang, Peng and Sun, Zhiwei and Xie, Weixin and Peng, Xiang},
  journal={IEEE Network}, 
  title={A Survey on Zero-Knowledge Proof in Blockchain}, 
  year={2021},
  volume={35},
  number={4},
  pages={198-205},
  keywords={Privacy;Distributed ledger;Blockchains},
  doi={10.1109/MNET.011.2000473}}

